@ARTICLE{10028728,
  author={Zou, Zhengxia and Chen, Keyan and Shi, Zhenwei and Guo, Yuhong and Ye, Jieping},
  journal={Proceedings of the IEEE}, 
  title={Object Detection in 20 Years: A Survey}, 
  year={2023},
  volume={111},
  number={3},
  pages={257-276},
  doi={10.1109/JPROC.2023.3238524}}

@ARTICLE{7005506,
  author={He, Kaiming and Zhang, Xiangyu and Ren, Shaoqing and Sun, Jian},
  journal={IEEE Transactions on Pattern Analysis and Machine Intelligence}, 
  title={Spatial Pyramid Pooling in Deep Convolutional Networks for Visual Recognition}, 
  year={2015},
  volume={37},
  number={9},
  pages={1904-1916},
  doi={10.1109/TPAMI.2015.2389824}}

@misc{girshick2014rich,
      title={Rich feature hierarchies for accurate object detection and semantic segmentation}, 
      author={Ross Girshick and Jeff Donahue and Trevor Darrell and Jitendra Malik},
      year={2014},
      eprint={1311.2524},
      archivePrefix={arXiv},
      primaryClass={cs.CV}
}

@INPROCEEDINGS{7410526,
  author={Girshick, Ross},
  booktitle={2015 IEEE International Conference on Computer Vision (ICCV)}, 
  title={Fast R-CNN}, 
  year={2015},
  volume={},
  number={},
  pages={1440-1448},
  doi={10.1109/ICCV.2015.169}}

@inproceedings{NIPS2015_14bfa6bb,
 author = {Ren, Shaoqing and He, Kaiming and Girshick, Ross and Sun, Jian},
 booktitle = {Advances in Neural Information Processing Systems},
 editor = {C. Cortes and N. Lawrence and D. Lee and M. Sugiyama and R. Garnett},
 pages = {},
 publisher = {Curran Associates, Inc.},
 title = {Faster R-CNN: Towards Real-Time Object Detection with Region Proposal Networks},
 url = {https://proceedings.neurips.cc/paper_files/paper/2015/file/14bfa6bb14875e45bba028a21ed38046-Paper.pdf},
 volume = {28},
 year = {2015}
}

@inproceedings{NIPS2016_577ef115,
 author = {Dai, Jifeng and Li, Yi and He, Kaiming and Sun, Jian},
 booktitle = {Advances in Neural Information Processing Systems},
 editor = {D. Lee and M. Sugiyama and U. Luxburg and I. Guyon and R. Garnett},
 pages = {},
 publisher = {Curran Associates, Inc.},
 title = {R-FCN: Object Detection via Region-based Fully Convolutional Networks},
 url = {https://proceedings.neurips.cc/paper_files/paper/2016/file/577ef1154f3240ad5b9b413aa7346a1e-Paper.pdf},
 volume = {29},
 year = {2016}
}

@InProceedings{Lin_2017_CVPR,
author = {Lin, Tsung-Yi and Dollar, Piotr and Girshick, Ross and He, Kaiming and Hariharan, Bharath and Belongie, Serge},
title = {Feature Pyramid Networks for Object Detection},
booktitle = {Proceedings of the IEEE Conference on Computer Vision and Pattern Recognition (CVPR)},
month = {July},
year = {2017}
}

@INPROCEEDINGS{8237584,
  author={He, Kaiming and Gkioxari, Georgia and Dollár, Piotr and Girshick, Ross},
  booktitle={2017 IEEE International Conference on Computer Vision (ICCV)}, 
  title={Mask R-CNN}, 
  year={2017},
  volume={},
  number={},
  pages={2980-2988},
  doi={10.1109/ICCV.2017.322}}


@misc{erhan2013scalable,
      title={Scalable Object Detection using Deep Neural Networks}, 
      author={Dumitru Erhan and Christian Szegedy and Alexander Toshev and Dragomir Anguelov},
      year={2013},
      eprint={1312.2249},
      archivePrefix={arXiv},
      primaryClass={cs.CV}
}

@misc{redmon2016look,
      title={You Only Look Once: Unified, Real-Time Object Detection}, 
      author={Joseph Redmon and Santosh Divvala and Ross Girshick and Ali Farhadi},
      year={2016},
      eprint={1506.02640},
      archivePrefix={arXiv},
      primaryClass={cs.CV}
}

@inbook{Liu_2016,
   title={SSD: Single Shot MultiBox Detector},
   ISBN={9783319464480},
   ISSN={1611-3349},
   url={http://dx.doi.org/10.1007/978-3-319-46448-0_2},
   DOI={10.1007/978-3-319-46448-0_2},
   booktitle={Lecture Notes in Computer Science},
   publisher={Springer International Publishing},
   author={Liu, Wei and Anguelov, Dragomir and Erhan, Dumitru and Szegedy, Christian and Reed, Scott and Fu, Cheng-Yang and Berg, Alexander C.},
   year={2016},
   pages={21–37} }


@misc{redmon2016yolo9000,
      title={YOLO9000: Better, Faster, Stronger}, 
      author={Joseph Redmon and Ali Farhadi},
      year={2016},
      eprint={1612.08242},
      archivePrefix={arXiv},
      primaryClass={cs.CV}
}

@misc{fu2017dssd,
      title={DSSD : Deconvolutional Single Shot Detector}, 
      author={Cheng-Yang Fu and Wei Liu and Ananth Ranga and Ambrish Tyagi and Alexander C. Berg},
      year={2017},
      eprint={1701.06659},
      archivePrefix={arXiv},
      primaryClass={cs.CV}
}

@article{ Zhou_2023jaciii,
	title={Reclining Public Chair Behavior Detection Based on Improved YOLOv5},
	author={Liu-Ying Zhou and Dong Wei and Yi-Bing Ran and Chen-Xi Liu and Si-Yue Fu and Zhi-Yi Ren},
	journal={Journal of Advanced Computational Intelligence and Intelligent Informatics},
	volume={27},
	number={6},
	pages={1175-1182},
	year={2023},
	doi={10.20965/jaciii.2023.p1175}
 }
	
